@ARTICLE{goncalves2008,
	author = {Diego Bergolini Goncalves},
	title = {Agrupamento de Classificadores na Verifica\c{c}\~ao de Assinaturas \textit{Off-Line}},
	publisher = {Pontif\'icia Universidade Cat\'olica do Paran\'a},
	year = {2008}
}

@ARTICLE{coetzer2006,
	author = {J. Coetzer, B. M. Herbst, J. A. Du Preez.},
	title =  {Off-Line Signature Verification:  A Comparison between Human and Machine Performance},
	publisher = {Tenth International Workshop on Frontiers in Handwriting Recognition},
	year = {2006}
}

@ARTICLE{justino2001,
	author = {Edson Jos\'e Rodrigues Justino},
	title = {O Grafismo e os Modelos Escondidos de Markov na Verifica\c{c}\~ao Autom\'atica de Assinaturas},
	publisher = {Pontif\'icia Universidade Cat\'olica do Paran\'a},
	year = {2001}
}

@ARTICLE{freitas2003,
	author = {Cinthia O. De A. Freitas and Edson J. R. Justino},
	title = {A An\'alise e o Reconhecimento da Escrita Manuscrita na L\'ingua Portuguesa},
	publisher = {Pontif\'icia Universidade Cat\'olica do Paran\'a},
	year = {2003}
	
}

@ARTICLE{nogueira2005,
	author = {C\'icero Nogueira dos Santos},
	title = {Aprendizado de M\'aquina na Identifica\c{c}\~ao de Sintagmas Nominais: O Caso do Portugu\^es Brasileiro},
	publisher = {Instituto Militar de Engenharia},
	year = {2005}
}

@ARTICLE{tebaldi2007,
	author = {F\'abio Barros Tebaldi},
	title = {Estudo de Redes Neurais Artificiais para Verifica\c{c}\~ao e Classifica\c{c}\~ao de Assinaturas Atrav\'es de Imagens},
	publisher = {Centro Universit\'ario Eur\'ipedes de Mar\'ilia},
	year = {2007}
}

@ARTICLE{huang1994,
	author ={ Huang, LK},
	title = {Image thresholding by minimizing the measure of fuzziness},
	publisher ={ National Tsing Hua University, Taiwan},
	year = {1994}
}
@ARTICLE{eliceiri2017,
	author = {Kevin Eliceiri, Pavel Tomancak, Florian Jug, Anne Carpenter, Michael Berthold[ and Jason Swedlow},
	title = {ImageJ},
	year = {2017}
}

@ARTICLE{drott2015,
	author ={Beatrice Drott and Thomas Hassan-Reza},
	title = {On-line Handwritten Signature Verification using Machine Learning Techniques with a Deep Learning Approach},
	publisher ={Faculty of Engineering Centre for Mathematical Sciences
	Mathematics},
	year = {2015}
}

@ARTICLE{srinivasan2006,
	author = {Harish Srinivasan and Sargur N. Srihari and Matthew J. Beal},
	title = {Machine Learning for Signature Verification},
	publisher = {Center of Excellence for Document Analysis and Recognition (CEDAR), Buffalo NY}
	year = {2006}
}

@ARTICLE{doyle1962,
	author = {W. Doyle},
	title = {Operations Useful for Similarity-Invariant Pattern Recognition},
	publisher = {Journal of the Association for Computing Machinery}
	year = {1962}
}

@ARTICLE{hafemann2017,
	author = {Luiz G. Hafemann, Robert Sabourin1 and Luiz S. Oliveira},
	title = {Offline Handwritten Signature Verification - Literature Review},
	year = {2017}
}


